<collection xmlns="http://www.loc.gov/MARC21/slim">
<record>
  <leader>02584nam0a2200421 i 450 </leader>
  <controlfield tag="001">IT\ICCU\CNCE\029578</controlfield>
  <controlfield tag="005">20071117000000.0</controlfield>
  <datafield tag="012" ind1=" " ind2=" ">
    <subfield code="a">i-te elam m.i. tovo (C) 1502 (Q)</subfield>
    <subfield code="2">fei</subfield>
  </datafield>
  <datafield tag="100" ind1=" " ind2=" ">
    <subfield code="a">19971121d1502        0itac0103    ba</subfield>
  </datafield>
  <datafield tag="101" ind1=" " ind2=" ">
    <subfield code="a">LAT</subfield>
  </datafield>
  <datafield tag="102" ind1=" " ind2=" ">
    <subfield code="a">IT</subfield>
  </datafield>
  <datafield tag="200" ind1="1" ind2=" ">
    <subfield code="a">Flos vltimarum voluntatum. d. Rolandini Passagerij artis notarie monarce cum additionibus d. Petri de Anzola Bononiensis: necnon domini Baptiste Guarini Brixiensis ac d. Bartholo abhor Patauini artem ipsam legentis in Patauino gymnasio cum correctionibuset suppletionibus nouiter additis</subfield>
  </datafield>
  <datafield tag="210" ind1=" " ind2=" ">
    <subfield code="a">\Venezia</subfield>
    <subfield code="c">Giovanni Battista Sessa il vecchio!</subfield>
    <subfield code="e">Venetijs</subfield>
    <subfield code="g">impressit Ioannes Baptista Sessa</subfield>
    <subfield code="h">die vero primo Augusti 1551 \i.e. 1502!</subfield>
  </datafield>
  <datafield tag="215" ind1=" " ind2=" ">
    <subfield code="a">\72! c.</subfield>
    <subfield code="d">4ʻ</subfield>
  </datafield>
  <datafield tag="620" ind1=" " ind2=" ">
    <subfield code="a">IT</subfield>
    <subfield code="d">Venezia</subfield>
  </datafield>
  <datafield tag="700" ind1=" " ind2="0">
    <subfield code="a">Rolandino</subfield>
    <subfield code="c"> : de&apos;#Passaggeri</subfield>
    <subfield code="3">IT\ICCU\CNCA\000001</subfield>
  </datafield>
  <datafield tag="702" ind1=" " ind2="0">
    <subfield code="a">Pietro</subfield>
    <subfield code="c"> : d&apos;Anzola</subfield>
    <subfield code="3">IT\ICCU\CNCA\000002</subfield>
  </datafield>
  <datafield tag="702" ind1=" " ind2="1">
    <subfield code="a">Abborario,</subfield>
    <subfield code="b">Bartolomeo</subfield>
    <subfield code="3">IT\ICCU\CNCA\000173</subfield>
  </datafield>
  <datafield tag="702" ind1=" " ind2="1">
    <subfield code="a">Guarini,</subfield>
    <subfield code="b">Battista</subfield>
    <subfield code="c"> &lt;sec. 15. 1. met&gt;̉</subfield>
    <subfield code="3">IT\ICCU\CNCA\016990</subfield>
  </datafield>
  <datafield tag="712" ind1="0" ind2="0">
    <subfield code="a">Sessa, Giovanni Battista</subfield>
    <subfield code="c"> &lt;1.&gt;</subfield>
    <subfield code="3">IT\ICCU\CNCT\000398</subfield>
    <subfield code="4">650</subfield>
  </datafield>
  <datafield tag="790" ind1=" " ind2="1">
    <subfield code="a">Orlandinus,</subfield>
    <subfield code="b">Rudulphinus</subfield>
    <subfield code="3">IT\ICCU\CNCA\006656</subfield>
    <subfield code="z">Rolandino : de&apos;#Passaggeri</subfield>
  </datafield>
  <datafield tag="790" ind1=" " ind2="0">
    <subfield code="a">Rolandinus Rodulphinus</subfield>
    <subfield code="3">IT\ICCU\CNCA\008154</subfield>
    <subfield code="z">Rolandino : de&apos;#Passaggeri</subfield>
  </datafield>
  <datafield tag="790" ind1=" " ind2="1">
    <subfield code="a">Passeggeri,</subfield>
    <subfield code="b">Rolandino : de&apos;</subfield>
    <subfield code="3">IT\ICCU\CNCA\014697</subfield>
    <subfield code="z">Rolandino : de&apos;#Passaggeri</subfield>
  </datafield>
  <datafield tag="790" ind1=" " ind2="1">
    <subfield code="a">Rudolphinus de Passageriis,</subfield>
    <subfield code="b">Rolandinus</subfield>
    <subfield code="3">IT\ICCU\CNCA\015181</subfield>
    <subfield code="z">Rolandino : de&apos;#Passaggeri</subfield>
  </datafield>
  <datafield tag="790" ind1=" " ind2="1">
    <subfield code="a">Passaggeri,</subfield>
    <subfield code="b">Rolandino</subfield>
    <subfield code="3">IT\ICCU\CNCA\023840</subfield>
    <subfield code="z">Rolandino : de&apos;#Passaggeri</subfield>
  </datafield>
  <datafield tag="790" ind1=" " ind2="0">
    <subfield code="a">Petrus</subfield>
    <subfield code="c"> : de#Unciola</subfield>
    <subfield code="3">IT\ICCU\CNCA\014803</subfield>
    <subfield code="z">Pietro : d&apos;Anzola</subfield>
  </datafield>
  <datafield tag="790" ind1=" " ind2="0">
    <subfield code="a">Pietro</subfield>
    <subfield code="c"> : de#Unzola</subfield>
    <subfield code="3">IT\ICCU\CNCA\014804</subfield>
    <subfield code="z">Pietro : d&apos;Anzola</subfield>
  </datafield>
  <datafield tag="790" ind1=" " ind2="1">
    <subfield code="a">Unciola,</subfield>
    <subfield code="b">Pietro : de</subfield>
    <subfield code="3">IT\ICCU\CNCA\022502</subfield>
    <subfield code="z">Pietro : d&apos;Anzola</subfield>
  </datafield>
  <datafield tag="790" ind1=" " ind2="1">
    <subfield code="a">Horario,</subfield>
    <subfield code="b">Bartholomeus : ab</subfield>
    <subfield code="3">IT\ICCU\CNCA\005547</subfield>
    <subfield code="z">Abborario, Bartolomeo</subfield>
  </datafield>
  <datafield tag="790" ind1=" " ind2="1">
    <subfield code="a">Abhorario,</subfield>
    <subfield code="b">Bartholomeus</subfield>
    <subfield code="3">IT\ICCU\CNCA\018896</subfield>
    <subfield code="z">Abborario, Bartolomeo</subfield>
  </datafield>
  <datafield tag="801" ind1=" " ind2="3">
    <subfield code="a">IT</subfield>
    <subfield code="b">ICCU</subfield>
    <subfield code="c">20201114</subfield>
  </datafield>
  <datafield tag="899" ind1=" " ind2=" ">
    <subfield code="a">Biblioteca citt ̉di Arezzo. Arezzo</subfield>
    <subfield code="1">AR0070</subfield>
    <subfield code="2">RT1 QA</subfield>
  </datafield>
  <datafield tag="899" ind1=" " ind2=" ">
    <subfield code="a">Biblioteca dell&apos;Abbazia di Novacella. Varna</subfield>
    <subfield code="1">BZ0109</subfield>
    <subfield code="2">ZBZ 04</subfield>
  </datafield>
  <datafield tag="899" ind1=" " ind2=" ">
    <subfield code="a">Biblioteca Apostolica Vaticana. Citt ̉del Vaticano</subfield>
    <subfield code="1">EX0001</subfield>
    <subfield code="2">ZCV 01</subfield>
  </datafield>
  <datafield tag="899" ind1=" " ind2=" ">
    <subfield code="a">Fondazione Biblioteca S. Bernardino. Trento</subfield>
    <subfield code="1">TN0122</subfield>
    <subfield code="2">ZTN 18</subfield>
  </datafield>
  <datafield tag="899" ind1=" " ind2=" ">
    <subfield code="a">Biblioteca diocesana  Beata Lucia Broccadelli. Narni</subfield>
    <subfield code="1">TR0059</subfield>
    <subfield code="2">UM1 77</subfield>
  </datafield>
  <datafield tag="911" ind1=" " ind2=" ">
    <subfield code="a">Nel front.</subfield>
    <subfield code="9">IT\ICCU\CNCM\000978</subfield>
  </datafield>
  <datafield tag="921" ind1=" " ind2=" ">
    <subfield code="a">IT\ICCU\CNCM\000978</subfield>
    <subfield code="b">Gatto con topo in bocca in cornice sormontata da corona. Iniziali I. B. S.</subfield>
    <subfield code="c">K289</subfield>
    <subfield code="c">Z600</subfield>
    <subfield code="d">Dimensioni: 5 x 7</subfield>
    <subfield code="f">GATTO</subfield>
    <subfield code="g">1501-[circa 1503]</subfield>
  </datafield>
</record>
</collection>
